<?xml version="1.0" encoding="UTF-8"?><record xmlns="http://www.loc.gov/MARC21/slim" xmlns:cinclude="http://apache.org/cocoon/include/1.0" xmlns:zs="http://www.loc.gov/zing/srw/">
  <leader>00342nz  a2200121n  4500</leader>
  <controlfield tag="001">n  98036441 </controlfield>
  <controlfield tag="003">DLC</controlfield>
  <controlfield tag="005">19980420085052.5</controlfield>
  <controlfield tag="008">980420n| acannaab|          |n aaa |||  </controlfield>
  <datafield tag="010" ind1=" " ind2=" ">
    <subfield code="a">n  98036441 </subfield>
  </datafield>
  <datafield tag="040" ind1=" " ind2=" ">
    <subfield code="a">DLC</subfield>
    <subfield code="c">DLC</subfield>
  </datafield>
  <datafield tag="100" ind1="1" ind2="0">
    <subfield code="a">Hiby, Lydia,</subfield>
    <subfield code="d">1958-</subfield>
  </datafield>
  <datafield tag="670" ind1=" " ind2=" ">
    <subfield code="a">Conversations with animals, 1998:</subfield>
    <subfield code="b">CIP t.p. (Lydia Hiby) data sheet (b. April 2, 1958)</subfield>
  </datafield>
</record>